@phdthesis{Riek2016,
author = {Riekd, C},
school = {University of Konstanz},
title = {{Subzyklen-Quantenelektrodynamik}},
type = {PhD thesis},
year = {2016}
}
@inproceedings{Brida:16,
abstract = {We exploit the carrier-envelope phase of near-infrared 1.4-cycle pulses with picojoule-level energy to control the probability and direction of single-electron tunneling across the 8 nm gap of an optical antenna at 80 MHz repetition rate.},
author = {Brida, Daniele and Rybka, Tobias and Ludwig, Markus and Schmalz, Michael and Knittel, Vanessa and Leitenstorfer, Alfred},
booktitle = {International Conference on Ultrafast Phenomena},
doi = {10.1364/UP.2016.UTu5A.5},
keywords = {Ultrafast nonlinear optics; Ultrafast phenomena; P},
pages = {UTu5A.5},
publisher = {Optical Society of America},
title = {{Subcycle Phase Control of Electron Tunneling in an Optical Nanoantenna}},
url = {http://www.osapublishing.org/abstract.cfm?URI=UP-2016-UTu5A.5},
year = {2016}
}
@inproceedings{Ludwig:17,
author = {Ludwig, Markus and Rybka, Tobias and Schmalz, Michael and Knittel, Vanessa and Brida, Daniele and Leitenstorfer, Alfred},
booktitle = {2017 European Conference on Lasers and Electro-Optics and European Quantum Electronics Conference},
pages = {EE{\_}1{\_}5},
publisher = {Optical Society of America},
title = {{Optical phase control of ultrafast single-electron nanocurrents}},
url = {http://www.osapublishing.org/abstract.cfm?URI=EQEC-2017-EE{\_}1{\_}5},
year = {2017}
}
@article{Hartland2011,
author = {Hartland, Gregory V},
pages = {3858--3887},
title = {{Optical Studies of Dynamics in Noble Metal Nanostructures}},
year = {2011}
}
@article{Hahne1975,
author = {Hahne, E and Grigull, U},
doi = {https://doi.org/10.1007/978-3-662-10743-0_5},
isbn = {0163-1829},
issn = {01631829},
journal = {Int. J. Heat Mass Transfer},
number = {18},
pages = {751--767},
title = {{Formfaktor und Formwiderstand der stationären mehrdimensionalen Wärmeleitung}},
volume = {18},
year = {1975}
}
@book{Cengel2014,
  author = {Cengel, Yunus and Ghajar, Afshin},
  year = {2014},
  title = {Heat and Mass Transfer: Fundamentals and Application},
  publisher = {McGraw-Hill Education}
}

@book{Cengel2002,
  author = {Cengel, Yunus},
  year = {2002},
  title = {Heat Transfer: A Practical Approach},
  publisher = {SEM}
}
